<record><leader>00000cas a22000007a 4500</leader><controlfield tag="001">28480587</controlfield><controlfield tag="008">930721d1890189unyuwn n       0    0eng d</controlfield><controlfield tag="009">550</controlfield><datafield ind1=" " ind2=" " tag="010"><subfield code="a">sn 93063919 </subfield></datafield><datafield ind1=" " ind2=" " tag="040"><subfield code="a">NYS</subfield><subfield code="b">eng</subfield><subfield code="c">NYS</subfield><subfield code="d">OCLCQ</subfield></datafield><datafield ind1="1" ind2=" " tag="029"><subfield code="a">AU@</subfield><subfield code="b">000025880179</subfield></datafield><datafield ind1=" " ind2=" " tag="042"><subfield code="a">msc</subfield></datafield><datafield ind1="0" ind2="4" tag="245"><subfield code="a">The Portland mirror.</subfield></datafield><datafield ind1=" " ind2=" " tag="260"><subfield code="a">Brocton, N.Y. :</subfield><subfield code="b">[s.n.</subfield></datafield><datafield ind1=" " ind2=" " tag="300"><subfield code="a">v.</subfield></datafield><datafield ind1=" " ind2=" " tag="310"><subfield code="a">Weekly</subfield></datafield><datafield ind1="0" ind2=" " tag="362"><subfield code="a">Vol. 1, no. 3 (Feb. 6, 1890)-</subfield></datafield><datafield ind1=" " ind2="4" tag="651"><subfield code="a">Brocton (N.Y.)</subfield><subfield code="v">Newspapers.</subfield></datafield><datafield ind1=" " ind2="4" tag="651"><subfield code="a">Portland (N.Y.)</subfield><subfield code="v">Newspapers.</subfield></datafield><datafield ind1=" " ind2=" " tag="752"><subfield code="a">United States</subfield><subfield code="b">New York</subfield><subfield code="c">Chautauqua</subfield><subfield code="d">Portland.</subfield></datafield><datafield ind1=" " ind2=" " tag="752"><subfield code="a">United States</subfield><subfield code="b">New York</subfield><subfield code="c">Chautauqua</subfield><subfield code="d">Brocton.</subfield></datafield><datafield ind1="0" ind2="0" tag="780"><subfield code="a">Mirror (Brocton, N.Y. : 1890)</subfield><subfield code="w">(DLC)sn 93063766</subfield></datafield><datafield ind1="0" ind2="0" tag="785"><subfield code="a">Mirror (Brocton, N.Y. : 1893)</subfield><subfield code="w">(DLC)sn 93063976</subfield></datafield></record>